<?xml version="1.0" encoding="UTF-8"?><record xmlns="http://www.loc.gov/MARC21/slim" xmlns:cinclude="http://apache.org/cocoon/include/1.0" xmlns:zs="http://www.loc.gov/zing/srw/">
  <leader>00353cz  a2200121n  4500</leader>
  <controlfield tag="001">n  88166541 </controlfield>
  <controlfield tag="003">DLC</controlfield>
  <controlfield tag="005">19890524103327.9</controlfield>
  <controlfield tag="008">890418n| acannaab|          |n aaa |||  </controlfield>
  <datafield tag="010" ind1=" " ind2=" ">
    <subfield code="a">n  88166541 </subfield>
  </datafield>
  <datafield tag="040" ind1=" " ind2=" ">
    <subfield code="a">DLC</subfield>
    <subfield code="c">DLC</subfield>
    <subfield code="d">DLC</subfield>
  </datafield>
  <datafield tag="100" ind1="1" ind2="0">
    <subfield code="a">Hardouin, Maryvonne</subfield>
  </datafield>
  <datafield tag="670" ind1=" " ind2=" ">
    <subfield code="a">Glais, M. Analyse des politiques de controĚle des prix ... 1987:</subfield>
    <subfield code="b">t.p. (Maryvonne Hardouin)</subfield>
  </datafield>
</record>